
@BOOK{DI2003,
author= {Roger Evertt},
editor = {},
title = {Diffusion of Innovations},
publisher ={Free Press, A Division of Simon and Schuster,Inc.},
year={2003},
edition = {fifth},
otherinfo={}
}

@ARTICLE{OneThird,
author= {Hugo O. Engelmann},
title ={Communication to the Editior},
journal ={American Sociologist},
year = {1967},
month = {November},
pages= {21},
}